@inproceedings{DeVito2013Terra,
 author = {DeVito, Zachary and Hegarty, James and Aiken, Alex and Hanrahan, Pat and Vitek, Jan},
 title = {Terra: A Multi-stage Language for High-performance Computing},
 booktitle = {Proceedings of the 34th ACM SIGPLAN Conference on Programming Language Design and Implementation},
 series = {PLDI '13},
 year = {2013},
 isbn = {978-1-4503-2014-6},
 location = {Seattle, Washington, USA},
 pages = {105--116},
 numpages = {12},
 url = {http://doi.acm.org/10.1145/2491956.2462166},
 doi = {10.1145/2491956.2462166},
 acmid = {2462166},
 publisher = {ACM},
 address = {New York, NY, USA},
 keywords = {dsl, lua, staged computation},
} 
